<record><leader>00000cas a2200000 a 4500</leader><controlfield tag="001">37704778</controlfield><controlfield tag="008">970929d196719uucauwr ne      0    0eng c</controlfield><datafield ind1=" " ind2=" " tag="010"><subfield code="a">sn 97060473 </subfield></datafield><datafield ind1=" " ind2=" " tag="040"><subfield code="a">CNK</subfield><subfield code="b">eng</subfield><subfield code="c">CNK</subfield><subfield code="d">OCLCQ</subfield><subfield code="d">CNK</subfield><subfield code="d">OCLCQ</subfield><subfield code="d">OCLCF</subfield><subfield code="d">OCLCO</subfield></datafield><datafield ind1="1" ind2=" " tag="029"><subfield code="a">AU@</subfield><subfield code="b">000013538860</subfield></datafield><datafield ind1=" " ind2=" " tag="042"><subfield code="a">pcc</subfield></datafield><datafield ind1=" " ind2=" " tag="043"><subfield code="a">n-us-ca</subfield></datafield><datafield ind1="0" ind2=" " tag="130"><subfield code="a">News-advertiser (San Dimas, Calif.)</subfield></datafield><datafield ind1="1" ind2="0" tag="245"><subfield code="a">News-advertiser.</subfield></datafield><datafield ind1=" " ind2=" " tag="260"><subfield code="a">San Dimas, Calif. :</subfield><subfield code="b">Bill Holcomb</subfield></datafield><datafield ind1=" " ind2=" " tag="300"><subfield code="a">v.</subfield></datafield><datafield ind1=" " ind2=" " tag="310"><subfield code="a">Weekly</subfield></datafield><datafield ind1="0" ind2=" " tag="362"><subfield code="a">Vol. 6, no. 11 (Mar. 16, 1967)-</subfield></datafield><datafield ind1=" " ind2=" " tag="500"><subfield code="a">"A Foothill Inter-city newspaper."</subfield></datafield><datafield ind1=" " ind2=" " tag="500"><subfield code="a">"Serving cities of San Dimas and La Verne."</subfield></datafield><datafield ind1=" " ind2=" " tag="530"><subfield code="a">Master negatives are available for duplication from:</subfield><subfield code="b">California Newspaper Microfilm Archive;</subfield><subfield code="c">positive copies may be purchased by the reel; for further information consult the CNMA at:</subfield><subfield code="u">http://cbsr.ucr.edu</subfield></datafield><datafield ind1=" " ind2="0" tag="651"><subfield code="a">La Verne (Calif.)</subfield><subfield code="v">Newspapers.</subfield></datafield><datafield ind1=" " ind2="0" tag="651"><subfield code="a">San Dimas (Calif.)</subfield><subfield code="v">Newspapers.</subfield></datafield><datafield ind1=" " ind2="7" tag="655"><subfield code="a">Newspapers.</subfield><subfield code="2">fast</subfield><subfield code="0">(OCoLC)fst01423814</subfield></datafield><datafield ind1=" " ind2="7" tag="651"><subfield code="a">California</subfield><subfield code="z">La Verne.</subfield><subfield code="2">fast</subfield><subfield code="0">(OCoLC)fst01238045</subfield></datafield><datafield ind1=" " ind2="7" tag="651"><subfield code="a">California</subfield><subfield code="z">San Dimas.</subfield><subfield code="2">fast</subfield><subfield code="0">(OCoLC)fst01210524</subfield></datafield><datafield ind1=" " ind2=" " tag="752"><subfield code="a">United States</subfield><subfield code="b">California</subfield><subfield code="c">Los Angeles</subfield><subfield code="d">San Dimas.</subfield></datafield><datafield ind1="0" ind2="0" tag="780"><subfield code="t">San Dimas news-advertiser</subfield><subfield code="w">(DLC)sn 97060472</subfield></datafield></record>